<record><leader>00000cas a22000007a 4500</leader><controlfield tag="001">17500365</controlfield><controlfield tag="008">880218d189519uulauwr ne      0    0eng d</controlfield><datafield ind1=" " ind2=" " tag="010"><subfield code="a">sn 88064105 </subfield></datafield><datafield ind1=" " ind2=" " tag="040"><subfield code="a">LNP</subfield><subfield code="b">eng</subfield><subfield code="c">LNP</subfield><subfield code="d">LNP</subfield><subfield code="d">OCLCQ</subfield><subfield code="d">OCLCF</subfield><subfield code="d">OCLCO</subfield></datafield><datafield ind1="1" ind2=" " tag="029"><subfield code="a">AU@</subfield><subfield code="b">000020499739</subfield></datafield><datafield ind1=" " ind2=" " tag="042"><subfield code="a">msc</subfield></datafield><datafield ind1=" " ind2=" " tag="043"><subfield code="a">n-us-la</subfield></datafield><datafield ind1="0" ind2="0" tag="245"><subfield code="a">Baton Rouge bulletin.</subfield></datafield><datafield ind1=" " ind2=" " tag="260"><subfield code="a">Baton Rouge, La. :</subfield><subfield code="b">Bauer Print. Co.</subfield></datafield><datafield ind1=" " ind2=" " tag="310"><subfield code="a">Weekly</subfield></datafield><datafield ind1="1" ind2=" " tag="362"><subfield code="a">Began with July 20, 1895 issue.</subfield></datafield><datafield ind1=" " ind2=" " tag="500"><subfield code="a">"Official journal of the Parish of East Baton Rouge."</subfield></datafield><datafield ind1=" " ind2=" " tag="588"><subfield code="a">Description based on: Vol. 2, no. 49 (June 19, 1897).</subfield></datafield><datafield ind1=" " ind2="0" tag="651"><subfield code="a">Baton Rouge (La.)</subfield><subfield code="v">Newspapers.</subfield></datafield><datafield ind1=" " ind2="0" tag="651"><subfield code="a">East Baton Rouge Parish (La.)</subfield><subfield code="v">Newspapers.</subfield></datafield><datafield ind1=" " ind2="7" tag="655"><subfield code="a">Newspapers.</subfield><subfield code="2">fast</subfield><subfield code="0">(OCoLC)fst01423814</subfield></datafield><datafield ind1=" " ind2="7" tag="651"><subfield code="a">Louisiana</subfield><subfield code="z">Baton Rouge.</subfield><subfield code="2">fast</subfield><subfield code="0">(OCoLC)fst01205202</subfield></datafield><datafield ind1=" " ind2="7" tag="651"><subfield code="a">Louisiana</subfield><subfield code="z">East Baton Rouge Parish.</subfield><subfield code="2">fast</subfield><subfield code="0">(OCoLC)fst01220276</subfield></datafield><datafield ind1=" " ind2=" " tag="752"><subfield code="a">United States</subfield><subfield code="b">Louisiana</subfield><subfield code="c">East Baton Rouge</subfield><subfield code="d">Baton Rouge.</subfield></datafield></record>